<record xmlns="http://www.loc.gov/MARC21/slim" xmlns:xsi="http://www.w3.org/2001/XMLSchema-instance" xsi:schemaLocation="http://www.loc.gov/MARC21/slim http://www.loc.gov/standards/marcxml/schema/MARC21slim.xsd"><leader>01889nam a2200397   4500</leader><controlfield tag="001">001680182</controlfield><controlfield tag="003">NNU</controlfield><controlfield tag="006">m        d        </controlfield><controlfield tag="007">cr cn |||m|||a</controlfield><controlfield tag="008">150223m18839999le      o     000 1 ara</controlfield><datafield ind1=" " ind2=" " tag="040"><subfield code="a">NNU</subfield><subfield code="b">eng</subfield><subfield code="e">rda</subfield><subfield code="c">NNU</subfield></datafield><datafield ind1="0" ind2="0" tag="050"><subfield code="a">PJ7601</subfield><subfield code="b">.B4</subfield></datafield><datafield ind1="0" ind2="0" tag="245"><subfield code="6">880-01</subfield><subfield code="a">Nukhab al-mulah&#803; /</subfield><subfield code="c">jama&#699;aha&#772; Yu&#772;h&#803;anna&#772; Bilu&#772; wa-Aghu&#772;sti&#772;nu&#772;s Ru&#772;dah.</subfield></datafield><datafield ind1=" " ind2=" " tag="260"><subfield code="6">880-02</subfield><subfield code="a">Bayru&#772;t :</subfield><subfield code="b">al-Mat&#803;ba&#699;ah al-Ka&#772;thu&#772;li&#772;ki&#772;yah lil-A&#772;ba&#772;' al-Yasu&#772;&#699;i&#772;yi&#772;n,</subfield><subfield code="c">1883-</subfield></datafield><datafield ind1=" " ind2=" " tag="300"><subfield code="a">online resource (volumes in)</subfield></datafield><datafield ind1=" " ind2=" " tag="336"><subfield code="a">text</subfield><subfield code="2">rdacontent</subfield></datafield><datafield ind1=" " ind2=" " tag="337"><subfield code="a">computer</subfield><subfield code="2">rdamedia</subfield></datafield><datafield ind1=" " ind2=" " tag="338"><subfield code="a">online resource</subfield><subfield code="2">rdacarrier</subfield></datafield><datafield ind1=" " ind2=" " tag="500"><subfield code="a">Vol. 1, pt. 2, 1883: Tab&#699;ah 7.</subfield></datafield><datafield ind1=" " ind2=" " tag="500"><subfield code="a">Part of the Arabic Collections Online (ACO) project, contributed by New York Univeristy Libraries.</subfield></datafield><datafield ind1="0" ind2=" " tag="505"><subfield code="a">V.1. pt. 1. H&#803;ika&#772;ya&#772;t adabi&#772;yah -- pt. 2. H&#803;ika&#772;ya&#772;t adabi&#772;yah wa-nawa&#772;dir h&#803;ikami&#772;yah wa-h&#803;awa&#772;dith ta&#772;ri&#772;khi&#772;yah.</subfield></datafield><datafield ind1=" " ind2=" " tag="533"><subfield code="a">Electronic reproduction.</subfield><subfield code="b">New York, N.Y. :</subfield><subfield code="c">New York University,</subfield><subfield code="d">2015.</subfield><subfield code="5">NNU</subfield></datafield><datafield ind1=" " ind2="0" tag="650"><subfield code="a">Arabic literature.</subfield></datafield><datafield ind1=" " ind2="7" tag="650"><subfield code="a">Arabic literature.</subfield><subfield code="2">fast</subfield><subfield code="0">(OCoLC)fst00812478</subfield></datafield><datafield ind1="1" ind2=" " tag="700"><subfield code="6">880-03</subfield><subfield code="a">Belot, J. B.</subfield><subfield code="q">(Jean Baptiste),</subfield><subfield code="d">1822-1904</subfield></datafield><datafield ind1="1" ind2=" " tag="700"><subfield code="6">880-04</subfield><subfield code="a">R&#363;dah, Aghust&#299;n&#363;s</subfield></datafield><datafield ind1="2" ind2=" " tag="710"><subfield code="a">New York University.</subfield><subfield code="b">Libraries.</subfield></datafield><datafield ind1="0" ind2=" " tag="730"><subfield code="a">Arabic Collections Online.</subfield></datafield><datafield ind1="0" ind2="8" tag="776"><subfield code="i">Print version:</subfield><subfield code="t">Nukhab al-mulah&#803;</subfield><subfield code="w">(NNU)001680182</subfield><subfield code="w">(DLC)   59036685</subfield></datafield><datafield ind1="4" ind2="0" tag="856"><subfield code="u">http://hdl.handle.net/2333.1/vdncjw9g</subfield></datafield><datafield ind1="0" ind2="0" tag="880"><subfield code="6">245-01/</subfield><subfield code="a">&#1606;&#1582;&#1576; &#1575;&#1604;&#1605;&#1604;&#1581; /</subfield><subfield code="c">&#1580;&#1605;&#1593;&#1607;&#1575; &#1610;&#1608;&#1581;&#1606;&#1575; &#1576;&#1604;&#1608; &#1608;&#1575;&#1594;&#1608;&#1587;&#1578;&#1610;&#1606;&#1608;&#1587; &#1585;&#1608;&#1583;&#1607;.</subfield></datafield><datafield ind1=" " ind2=" " tag="880"><subfield code="6">260-02/</subfield><subfield code="a">&#1576;&#1610;&#1585;&#1608;&#1578; :</subfield><subfield code="b">&#1575;&#1604;&#1605;&#1591;&#1576;&#1593;&#1577; &#1575;&#1604;&#1603;&#1575;&#1579;&#1608;&#1604;&#1610;&#1603;&#1610;&#1577; &#1604;&#1604;&#1570;&#1576;&#1575;&#1569; &#1575;&#1604;&#1610;&#1587;&#1608;&#1593;&#1610;&#1610;&#1606;&#1548;</subfield><subfield code="c">1883-</subfield></datafield><datafield ind1="1" ind2=" " tag="880"><subfield code="6">700-03/</subfield><subfield code="a">&#1576;&#1604;&#1608;&#1548; &#1610;&#1608;&#1581;&#1606;&#1575;.</subfield></datafield><datafield ind1="1" ind2=" " tag="880"><subfield code="6">700-04/</subfield><subfield code="a">&#1585;&#1608;&#1583;&#1607;&#1548; &#1575;&#1594;&#1587;&#1578;&#1610;&#1606;&#1608;&#1587;.</subfield></datafield><datafield ind1=" " ind2=" " tag="959"><subfield code="a">NNU</subfield><subfield code="b">WEB</subfield><subfield code="c">GENI</subfield><subfield code="t">0</subfield><subfield code="m">Electronic access</subfield><subfield code="s">01</subfield></datafield><datafield ind1=" " ind2=" " tag="999"><subfield code="i">NNU_001680182</subfield><subfield code="s">nyu_aco000079:v.1</subfield></datafield></record>